<?xml version="1.0" encoding="UTF-8"?><collection xmlns="http://www.loc.gov/MARC21/slim"><record><leader>00584nam--2200145-i-4500</leader><controlfield tag="001">000019924</controlfield><controlfield tag="002">20161230</controlfield><controlfield tag="005">20161230201033</controlfield><controlfield tag="008">060222s1000------------r-----000-0-eng-d</controlfield><datafield ind1=" " ind2=" " tag="080"><subfield code="a">546.16:541.515(061.3)</subfield></datafield><datafield ind1=" " ind2=" " tag="245"><subfield code="a">Fluorine-containing free radicals.kinetics and dynamics of reactions.based on symposium sponsored by the division of physical chemistry at the 169th meeting of the american chemical society, philadelphia, pennsylvania, april 7-11, 1975</subfield></datafield><datafield ind1=" " ind2=" " tag="260"><subfield code="a">Washington, A.C.S., 1978.Viii + 423 P</subfield></datafield><datafield ind1=" " ind2=" " tag="490"><subfield code="a">A.C.S. Symposium Series</subfield></datafield><datafield ind1=" " ind2=" " tag="700"><subfield code="a">Root, John W</subfield></datafield><datafield ind1=" " ind2=" " tag="852"><subfield code="a">47024</subfield></datafield></record></collection>